<record><leader>00000cas a2200000 a 4500</leader><controlfield tag="001">13356572</controlfield><controlfield tag="007">hd bfu---baaa</controlfield><controlfield tag="008">860328d19801980maudr n a     0   b0fre c</controlfield><datafield ind1=" " ind2=" " tag="010"><subfield code="a">sn 86021768 </subfield></datafield><datafield ind1=" " ind2=" " tag="040"><subfield code="a">HLS</subfield><subfield code="b">eng</subfield><subfield code="c">HLS</subfield><subfield code="d">HUL</subfield><subfield code="d">OCLCQ</subfield><subfield code="d">OCLCF</subfield><subfield code="d">OCLCO</subfield></datafield><datafield ind1=" " ind2=" " tag="012"><subfield code="i">8605</subfield></datafield><datafield ind1="1" ind2=" " tag="029"><subfield code="a">AU@</subfield><subfield code="b">000025324522</subfield></datafield><datafield ind1=" " ind2=" " tag="042"><subfield code="a">pcc</subfield></datafield><datafield ind1="0" ind2="3" tag="245"><subfield code="a">Le Quotidien du peuple</subfield><subfield code="h">[microform].</subfield></datafield><datafield ind1=" " ind2=" " tag="260"><subfield code="a">Paris :</subfield><subfield code="b">[s.n.],</subfield><subfield code="c">1980.</subfield></datafield><datafield ind1=" " ind2=" " tag="300"><subfield code="a">69 v. :</subfield><subfield code="b">ill. ;</subfield><subfield code="c">43 cm.</subfield></datafield><datafield ind1=" " ind2=" " tag="310"><subfield code="a">Daily</subfield></datafield><datafield ind1="0" ind2=" " tag="362"><subfield code="a">Nouv. se&#769;r. no 1 (4 janv. 1980)-nouv. se&#769;r. no 69 (10 avril 1980).</subfield></datafield><datafield ind1=" " ind2=" " tag="500"><subfield code="a">Title from caption.</subfield></datafield><datafield ind1=" " ind2=" " tag="533"><subfield code="a">Microfilm.</subfield><subfield code="b">Cambridge, Mass. :</subfield><subfield code="c">Harvard University Library Microreproduction Service,</subfield><subfield code="d">1985.</subfield><subfield code="e">1 microfilm reel : negative ; 4 in., 35 mm.</subfield></datafield><datafield ind1=" " ind2="0" tag="650"><subfield code="a">Communism</subfield><subfield code="v">Periodicals.</subfield></datafield><datafield ind1=" " ind2="7" tag="655"><subfield code="a">Periodicals.</subfield><subfield code="2">fast</subfield><subfield code="0">(OCoLC)fst01411641</subfield></datafield><datafield ind1=" " ind2="7" tag="650"><subfield code="a">Communism.</subfield><subfield code="2">fast</subfield><subfield code="0">(OCoLC)fst00870421</subfield></datafield><datafield ind1=" " ind2=" " tag="752"><subfield code="a">France</subfield><subfield code="d">Paris.</subfield></datafield><datafield ind1="1" ind2=" " tag="776"><subfield code="t">Quotidien du peuple</subfield></datafield><datafield ind1=" " ind2=" " tag="850"><subfield code="a">MH</subfield></datafield></record>